%%%%%%%%%%%%%%%%%%%%%%%%%%%%%%%%%%%%%%
%%%%%%%% Chapter 1
@article{Ref1,
	title={Reference 1},
	author={author},
	journal={Journal},
	volume={v},
	number={n},
	pages={page},
	year={year},
	publisher={publisher}
}

% This can be directly copied from google scholar 